@book{svetlik:marketing,
  author       = {Světlík Jaroslav},
  title        = {Marketingová komunikace},
  date         = 2016,
  publisher    = {VŠPPPraha},
  isbn         = {978-880-6847-79-5},
  url          = {http://www.marketingsvetlik.cz/knihy/Marketingove_komunikace-Jaroslav_Svetlik.pdf},
  urldate      = {2021-03-17},
  location     = {Praha},
  keywords     = {primary},
  langid       = {czech},
}

@book{svetlik:reklama,
  author       = {Světlík Jaroslav},
  title        = {Reklama: (Teorie, koncepce, modely) },
  date         = 2017,
  publisher    = {Vysoká škola informatiky a managementu v Rzeszowě},
  isbn         = {978-83-64286-71-1},
  url          = {http://www.marketingsvetlik.cz/knihy/Reklama-Jaroslav_Svetlik.pdf},
  urldate      = {2021-03-18},
  location     = {Rzeszów},
  keywords     = {primary},
  langid       = {czech},
}

@online{spir:mediatypes,
  author = {{SPIR z. s. p. o}},
  title = {Průzkum inzertních výkonů SPIR 2020},
  date = {2021},
  url = {http://www.inzertnivykony.cz/},
  urldate = {2021-03-18}
}

@online{typy:medii, 
  author = {Eckhardtová Jana},
  title = {Typy medií a reklamní formáty},
  date = {2021},
  url = {https://www.malamarketingova.cz/media-mix/},
  urldate = {2021-04-13},
}

@online{rtb, 
  author = {Hromek Filip},
  title = {RTB – Co to vlastně je a komu se hodí?},
  date = {2021},
  url = {https://tyinternety.cz/fastnews/rtb-co-to-vlastne-je-a-pro-koho-se-hodi/},
  urldate = {2021-04-13},
}

@online{marketing:product-vs-brand, 
  author = {Gwilliam Ashley},
  title = {Product vs Brand Marketing in 2020: Which Works Best?},
  date = {2019},
  url = {https://www.lean-labs.com/blog/product-vs-brand-marketing},
  urldate = {2021-04-13},
}

@online{typy:mediatypy, 
  author = {{PHD, a.s.}},
  title = {Typy médií},
  date = {2021},
  url = {https://www.mediaguru.cz/slovnik-a-mediatypy/typy-medii/},
  urldate = {2021-04-13},
}

@online{gemius:rating, 
  author = {{Gemius, s. r. o.}},
  date = {2017-10-02},
  url = {https://www.mediaguru.cz/slovnik-a-mediatypy/typy-medii/},
  urldate = {2021-04-13},
}

@online{banner:advertising, 
  author = {{Investopedia, LLC}},
  title = {Banner Advertising},
  date = {2021-10-27},
  url = {https://www.investopedia.com/terms/b/banneradvertising.asp},
  urldate = {2021-04-13},
}

@online{banner:design, 
  author = {{99designs}},
  title = {15 banner ad design tips to get more clicks},
  date = {2019},
  url = {https://99designs.com/blog/marketing-advertising/14-design-tips-for-more-clickable-banner-ads/},
  urldate = {2021-04-13},
}

@online{js:framework-comparion,
  title = {Comparison with Other Frameworks},
  date = {2021},
  url = {https://vuejs.org/v2/guide/comparison.html},
  urldate = {2021-04-13},
}